@misc{AFL_page,
  author = { Michal Zalewski },
  title = { American fuzzy lop },
  note = { \url{https://lcamtuf.coredump.cx/afl/} accessed 9\textsuperscript{th} September 2021 },
  url = { \url{https://lcamtuf.coredump.cx/afl/} },
  urldate = {September 9 2021},
  year = {2014}
}

@misc{Barton1988,
  author = { Barton P. Miller },
  title = { Fall 1988 CS736 Project List },
  note = { \url{http://pages.cs.wisc.edu/~bart/fuzz/CS736-Projects-f1988.pdf}, accessed 9\textsuperscript{th} September 2021 },
  year = { 1988 },
  organization = { Computer Sciences Department, University of Wisconsin-Madison }
}

@article{Miller1990,
  title={ An empirical study of the reliability of UNIX utilities },
  author={ Miller, Barton P and Fredriksen, Louis and So, Bryan },
  journal={ Communications of the ACM },
  volume={ 33 },
  number={ 12 },
  pages={ 32--44 },
  year={ 1990 },
  publisher={ ACM New York, NY, USA }
}

@inproceedings{ModelBasedFuzzing,
  title = { Model-based whitebox fuzzing for program binaries },
  booktitle = { Proceedings of the 31st {IEEE/ACM} International Conference on Automated Software Engineering },
  author = { Pham, Van-Thuan and B{\"o}hme, Marcel and Roychoudhury, Abhik },
  publisher = { ACM },
  year =  { 2016 },
  address = { "New York, NY, USA" }
}

@article{GrammarBasedFuzzing,
  title = { Grammar-based whitebox fuzzing },
  author = { Godefroid, Patrice and Kiezun, Adam and Levin, Michael Y },
  journal = { SIGPLAN not. },
  volume = { 43 },
  number = { 6 },
  pages = { 206--215 },
  year = { 2008 },
  language = { en },
}

@incollection{ProtocolBasedFuzzing,
  title = { {SNOOZE}: Toward a stateful {NetwOrk} prOtocol {fuzZEr} },
  booktitle = { Lecture Notes in Computer Science },
  author = { Banks, Greg and Cova, Marco and Felmetsger, Viktoria and Almeroth, Kevin and Kemmerer, Richard and Vigna, Giovanni },
  publisher = { Springer Berlin Heidelberg },
  pages = { 343--358 },
  year = { 2006 },
  address = { Berlin, Heidelberg }
}

@article{InputDiversity,
  title = { Hashing fuzzing: Introducing input diversity to improve crash detection },
  author = { Menendez, Hector D and Clark, David },
  journal = { IEEE trans. softw. eng. },
  pages = { 1--1 },
  year = { 2021 }
}

@article{InputMutationAlgorithm,
  title = { Synthesizing program input grammars },
  author = { Bastani, Osbert and Sharma, Rahul and Aiken, Alex and Liang, Percy },
  journal = { SIGPLAN not. },
  volume = { 52 },
  number = { 6 },
  pages = { 95--110" },
  year = { 2017 },
  language = { en }
}

@inproceedings{Seed,
  author = { Alexandre Rebert and Sang Kil Cha and Thanassis Avgerinos and Jonathan Foote and David Warren and Gustavo Grieco and David Brumley },
  title = { Optimizing Seed Selection for Fuzzing },
  booktitle = { 23rd USENIX Security Symposium },
  year = { 2014 },
  pages = { 861--875 },
  isbn = { 978-1-931971-15-7 }
}

@misc{FuzzingTechnic,
  author = { Vincenzo Iozzo },
  title = { 0-knowledge fuzzing },
  year = { 2010 },
  booktitle = { Software Engineering Institute }
}
@inproceedings{superion,
  author = {Wang, Junjie and Chen, Bihuan and Wei, Lei and Liu, Yang},
  booktitle = {2019 IEEE/ACM 41st International Conference on Software Engineering (ICSE)}, 
  title = {Superion: Grammar-Aware Greybox Fuzzing}, 
  year = {2019},
  pages = {724-735},
  doi = {10.1109/ICSE.2019.00081}
}

@misc{YAMLdraft,
  title = "{YAML} Draft 0.1",
  booktitle = "http://groups.yahoo.com",
  author = "Evans, Clark C",
  month =  may,
  year =  2001,
  howpublished = "\url{https://web.archive.org/web/20010603012942/http://groups.yahoo.com/group/sml-dev/message/4710}"
}

@misc{libfYAML,
  title = "libfyaml: Fully feature complete {YAML} parser and emitter, supporting the latest {YAML} spec and passing the full {YAML} testsuite",
  author = "Antoniou, Pantelis"
}

@misc{libYAML,
  title = "{LibYAML}",
  booktitle = "Pyyaml.org",
  author = "Simonov, Kirill",
  month =  jun,
  year =  2020,
  howpublished = "\url{https://pyyaml.org/wiki/LibYAML}"
}

@misc{YAMLcpp,
  title = "yaml-cpp: A {YAML} parser and emitter in C++",
  author = "Beder, Jesse"
}

@misc{rapidYAML,
  title = "rapidyaml: Rapid {YAML} - a library to parse and emit {YAML}, and do it fast"
}

@misc{miniYAML,
  title = "mini-yaml: Single header {YAML} 1.0 C++11 serializer/deserializer",
  author = "Bergmann, Jimmie"
}

@article{structuredInput,
  title = "Structurized grammar-based fuzz testing for programs with highly structured inputs: Novel approach for fuzzing programs with highly structured inputs",
  author = "Yan, Jingbo and Zhang, Yuqing and Yang, Dingning",
  journal = "Secur. Commun. Netw.",
  volume =  6,
  number =  11,
  pages = "1319--1330",
  year =  2013,
  language = "en"
}

@inproceedings{cicd,
  title = "End to end automation on cloud with build pipeline: The case for {DevOps} in insurance industry, continuous integration, continuous testing, and continuous delivery", booktitle = "2015 {IEEE} International Conference on Cloud Computing in Emerging Markets ({CCEM})",
  author = "Soni, Mitesh",
  publisher = "IEEE",
  year =  2015
}

@misc{trevisci,
  title = "Travis {CI}",
  booktitle = "Travis-ci.com",
  howpublished = "\url{https://www.travis-ci.com/}",
}

@misc{circleci,
  title = "{CircleCI}: Continuous integration and delivery",
  booktitle = "Circleci.com",
  howpublished = "\url{https://circleci.com/}"
}

@misc{jeninks,
  title = "Jenkins",
  booktitle = "Jenkins.io",
  howpublished = "\url{https://www.jenkins.io/}"
}
@book{takanen2018fuzzing,
	title={Fuzzing for software security testing and quality assurance},
	author={Takanen, Ari and Demott, Jared D and Miller, Charles and Kettunen, Atte},
	year={2018},
	publisher={Artech House}
}
@article{srivastava2021gramatron,
	title={Gramatron: Effective Grammar-Aware Fuzzing},
	author={Srivastava, Prashast and Payer, Mathias},
	year={2021}
}

@inproceedings{MITRE,
	title = "Common Vulnerabilities and Exposures.", 
	booktitle = "\url{http://cve.mitre.org}",
	author = "MITRE",
	publisher = "The MITRE Corporation",
	year =  2001
}

@inproceedings {GRIMOIRE,
author = {Tim Blazytko and Cornelius Aschermann and Moritz Schl{\"o}gel and Ali Abbasi and Sergej Schumilo and Simon W{\"o}rner and Thorsten Holz},
title = {{GRIMOIRE}: Synthesizing Structure while Fuzzing},
booktitle = {28th {USENIX} Security Symposium ({USENIX} Security 19)},
year = {2019},
isbn = {978-1-939133-06-9},
address = {Santa Clara, CA},
pages = {1985--2002},
url = {https://www.usenix.org/conference/usenixsecurity19/presentation/blazytko},
publisher = {{USENIX} Association},
month = aug,
}

@article{fuzzingsurvey,
author = {Li, Jun and Zhao, Bodong and Zhang, Chao},
year = {2018},
month = {12},
pages = {},
title = {Fuzzing: a survey},
volume = {1},
journal = {Cybersecurity},
doi = {10.1186/s42400-018-0002-y}
}
@misc{blackhat2019,
  author = {Jonathan Metzman},
  title = {Going Beyond Coverage Guided Fuzzing with Structured Fuzzing},
  note = { \url{https://www.blackhat.com/us-19/briefings/schedule/#going-beyond-coverage-guided-fuzzing-with-structured-fuzzing-16110}},
}