@misc{AFL_page,
  author = {Michal Zalewski},
  title = {American fuzzy lop},
  note = {\url{https://lcamtuf.coredump.cx/afl/} accessed 9\textsuperscript{th} September 2021},
  howpublished = {\url{https://lcamtuf.coredump.cx/afl/}},
  urldate = {September 9 2021},
  year = {2014}
}

@misc{Barton1988,
  author = {Barton P. Miller},
  title = {Fall 1988 CS736 Project List},
  note = {\url{http://pages.cs.wisc.edu/~bart/fuzz/CS736-Projects-f1988.pdf}},
  year = {1988},
  organization = {Computer Sciences Department, University of Wisconsin-Madison}
}

@article{Miller1990,
  title = {An empirical study of the reliability of UNIX utilities},
  author = {Miller, Barton P and Fredriksen, Louis and So, Bryan},
  journal = {Communications of the ACM},
  volume = {33},
  number = {12},
  pages = {32--44},
  year = {1990},
  publisher = {ACM New York, NY, USA}
}

@inproceedings{ModelBasedFuzzing,
  title = {Model-based whitebox fuzzing for program binaries},
  booktitle = {Proceedings of the 31st {IEEE/ACM} International Conference on Automated Software Engineering},
  author = {Pham, Van-Thuan and B{\"o}hme, Marcel and Roychoudhury, Abhik},
  publisher = {ACM},
  year = {2016},
  address = {"New York, NY, USA"}
}

@article{GrammarBasedFuzzing,
  title = {Grammar-based whitebox fuzzing},
  author = {Godefroid, Patrice and Kiezun, Adam and Levin, Michael Y},
  journal = {SIGPLAN not.},
  volume = {43},
  number = {6},
  pages = {206--215},
  year = {2008},
  language = {en},
}

@incollection{ProtocolBasedFuzzing,
  title = {{SNOOZE}: Toward a stateful {NetwOrk} prOtocol {fuzZEr}},
  booktitle = {Lecture Notes in Computer Science},
  author = {Banks, Greg and Cova, Marco and Felmetsger, Viktoria and Almeroth, Kevin and Kemmerer, Richard and Vigna, Giovanni},
  publisher = {Springer Berlin Heidelberg},
  pages = {343--358},
  year = {2006},
  address = {Berlin, Heidelberg}
}

@article{InputDiversity,
  title = {Hashing fuzzing: Introducing input diversity to improve crash detection},
  author = {Menendez, Hector D and Clark, David},
  journal = {IEEE trans. softw. eng.},
  pages = {1--1},
  year = {2021}
}

@article{InputMutationAlgorithm,
  title = {Synthesizing program input grammars},
  author = {Bastani, Osbert and Sharma, Rahul and Aiken, Alex and Liang, Percy},
  journal = {SIGPLAN not.},
  volume = {52},
  number = {6},
  pages = {95--110"},
  year = {2017},
  language = {en}
}

@inproceedings{Seed,
  author = {Alexandre Rebert and Sang Kil Cha and Thanassis Avgerinos and Jonathan Foote and David Warren and Gustavo Grieco and David Brumley},
  title = {Optimizing Seed Selection for Fuzzing},
  booktitle = {23rd USENIX Security Symposium},
  year = {2014},
  pages = {861--875},
  isbn = {978-1-931971-15-7}
}

@misc{FuzzingTechnic,
  author = {Vincenzo Iozzo},
  title = {0-knowledge fuzzing},
  year = {2010},
  booktitle = {Software Engineering Institute}
}

@inproceedings{superion,
  author = {Wang, Junjie and Chen, Bihuan and Wei, Lei and Liu, Yang},
  booktitle = {2019 IEEE/ACM 41st International Conference on Software Engineering (ICSE)}, 
  title = {Superion: Grammar-Aware Greybox Fuzzing}, 
  year = {2019},
  pages = {724-735},
  doi = {10.1109/ICSE.2019.00081}
}

@misc{YAMLdraft,
  title = "{YAML} Draft 0.1",
  booktitle = "http://groups.yahoo.com",
  author = "Evans, Clark C",
  month = may,
  year = 2001,
  howpublished = "\url{https://web.archive.org/web/20010603012942/http://groups.yahoo.com/group/sml-dev/message/4710}"
}

@misc{libfYAML,
  title = "libfyaml: Fully feature complete {YAML} parser and emitter, supporting the latest {YAML} spec and passing the full {YAML} testsuite",
  author = "Antoniou, Pantelis"
}

@misc{libYAML,
  title = "{LibYAML}",
  booktitle = "Pyyaml.org",
  author = "Simonov, Kirill",
  month = jun,
  year = 2020,
  howpublished = "\url{https://pyyaml.org/wiki/LibYAML}"
}

@misc{YAMLcpp,
  title = "yaml-cpp: A {YAML} parser and emitter in C++",
  author = "Beder, Jesse"
}

@misc{rapidYAML,
  title = "rapidyaml: Rapid {YAML} - a library to parse and emit {YAML}, and do it fast"
}

@misc{miniYAML,
  title = "mini-yaml: Single header {YAML} 1.0 C++11 serializer/deserializer",
  author = "Bergmann, Jimmie"
}

@article{structuredInput,
  title = "Structurized grammar-based fuzz testing for programs with highly structured inputs: Novel approach for fuzzing programs with highly structured inputs",
  author = "Yan, Jingbo and Zhang, Yuqing and Yang, Dingning",
  journal = "Secur. Commun. Netw.",
  volume = 6,
  number = 11,
  pages = "1319--1330",
  year = 2013,
  language = "en"
}

@inproceedings{cicd,
  title = "End to end automation on cloud with build pipeline: The case for {DevOps} in insurance industry, continuous integration, continuous testing, and continuous delivery", booktitle = "2015 {IEEE} International Conference on Cloud Computing in Emerging Markets ({CCEM})",
  author = "Soni, Mitesh",
  publisher = "IEEE",
  year = 2015
}

@misc{trevisci,
  title = "Travis {CI}",
  booktitle = "Travis-ci.com",
  howpublished = "\url{https://www.travis-ci.com/}",
}

@misc{circleci,
  title = "{CircleCI}: Continuous integration and delivery",
  booktitle = "Circleci.com",
  howpublished = "\url{https://circleci.com/}"
}

@misc{jeninks,
  title = "Jenkins",
  booktitle = "Jenkins.io",
  howpublished = "\url{https://www.jenkins.io/}"
}

@book{takanen2018fuzzing,
    title = {Fuzzing for software security testing and quality assurance},
    author = {Takanen, Ari and Demott, Jared D and Miller, Charles and Kettunen, Atte},
    year = {2018},
    publisher = {Artech House}
}

@article{srivastava2021gramatron,
    title = {Gramatron: Effective Grammar-Aware Fuzzing},
    author = {Srivastava, Prashast and Payer, Mathias},
    year = {2021}
}

@inproceedings{MITRE,
    title = "Common Vulnerabilities and Exposures.", 
    booktitle = "\url{http://cve.mitre.org}",
    author = "MITRE",
    publisher = "The MITRE Corporation",
    year = 2001
}

@inproceedings {GRIMOIRE,
  author = {Tim Blazytko and Cornelius Aschermann and Moritz Schl{\"o}gel and Ali Abbasi and Sergej Schumilo and Simon W{\"o}rner and Thorsten Holz},
  title = {{GRIMOIRE}: Synthesizing Structure while Fuzzing},
  booktitle = {28th {USENIX} Security Symposium ({USENIX} Security 19)},
  year = {2019},
  isbn = {978-1-939133-06-9},
  address = {Santa Clara, CA},
  pages = {1985--2002},
  url = {https://www.usenix.org/conference/usenixsecurity19/presentation/blazytko},
  publisher = {{USENIX} Association},
  month = aug,
}

@article{fuzzingsurvey,
  author = {Li, Jun and Zhao, Bodong and Zhang, Chao},
  year = {2018},
  month = {12},
  title = {Fuzzing: a survey},
  volume = {1},
  journal = {Cybersecurity},
  doi = {10.1186/s42400-018-0002-y}
}

@misc{blackhat2019,
  author = {Jonathan Metzman},
  title = {Going Beyond Coverage Guided Fuzzing with Structured Fuzzing},
  note = {\url{https://www.blackhat.com/us-19/briefings/schedule/#going-beyond-coverage-guided-fuzzing-with-structured-fuzzing-16110}},
}

@inproceedings{CodeAlchemist1,
  author = {HyungSeok Han and DongHyeon Oh and Sang Kil Cha},
  title = {{CodeAlchemist}: Semantics-Aware Code Generation to Find Vulnerabilities in JavaScript Engines},
  booktitle = ndss,
  year = 2019
}

@misc{CodeAlchemist2,
  month = {08},
  title = {CodeAlchemist},
  howpublished = {https://github.com/SoftSec-KAIST/CodeAlchemist},
  urldate = {2021-10-05},
  year = {2021},
  note = {GitHub}
}

@inproceedings{Hawkeye,
  author = {Chen, Hongxu and Xue, Yinxing and Li, Yuekang and Chen, Bihuan and Xie, Xiaofei and Wu, Xiuheng and Liu, Yang},
  title = {Hawkeye: Towards a Desired Directed Grey-Box Fuzzer},
  year = {2018},
  isbn = {9781450356930},
  publisher = {Association for Computing Machinery},
  address = {New York, NY, USA},
  url = {https://doi.org/10.1145/3243734.3243849},
  doi = {10.1145/3243734.3243849},
  booktitle = {Proceedings of the 2018 ACM SIGSAC Conference on Computer and Communications Security},
  pages = {2095â€“2108},
  numpages = {14},
  keywords = {static analysis, fuzz testing},
  location = {Toronto, Canada},
  series = {CCS '18}
}

@misc{Angora1,
  title = {Angora: Efficient Fuzzing by Principled Search}, 
  author = {Peng Chen and Hao Chen},
  year = {2018},
  eprint = {1803.01307},
  archivePrefix = {arXiv},
  primaryClass = {cs.CR}
}

@misc{Angora2,
  month = {10},
  title = {Angora},
  howpublished = {https://github.com/AngoraFuzzer/Angora},
  urldate = {2021-10-05},
  year = {2021},
  note = {GitHub}
}

@INPROCEEDINGS{CollAFL,
  author = {Gan, Shuitao and Zhang, Chao and Qin, Xiaojun and Tu, Xuwen and Li, Kang and Pei, Zhongyu and Chen, Zuoning},
  booktitle = {2018 IEEE Symposium on Security and Privacy (SP)},
  title = {CollAFL: Path Sensitive Fuzzing},
  year = {2018},
  pages = {679-696},
  doi = {10.1109/SP.2018.00040}
}

@inproceedings{IoTFuzzer,
  title = "IoTFuzzer: Discovering memory corruptions in IoT through app-based fuzzing",
  booktitle = "Proceedings 2018 Network and Distributed System Security Symposium",
  author = "Chen, Jiongyi;Diao, Wenrui;Zhao, Qingchuan;Zuo, Chaoshun;Lin, Zhiqiang;Wang, Xiaofeng;Lau, Wing Cheong;Sun, Menghan;Yang, Ronghai;Zhang, Kehuan",
  year = 2018,
  address = {Reston, VA},
  doi = {10.14722/ndss.2018.23159},
  isbn = {9781891562495},
}

@inproceedings{redqueen,
  title = {REDQUEEN: Fuzzing with Input-to-State Correspondence},
  author = {Aschermann, Cornelius and Schumilo, Sergej and Blazytko, Tim and Gawlik, Robert and Holz, Thorsten},
  booktitle = {Symposium on Network and Distributed System Security (NDSS)},
  year = {2019},
}

@inproceedings{Nautilus1,
  author = {Cornelius Aschermann and Tommaso Frassetto and Thorsten Holz and Patrick Jauernig and Ahmad{-}Reza Sadeghi and Daniel Teuchert},
  title = {{NAUTILUS:} Fishing for Deep Bugs with Grammars},
  booktitle = {26th Annual Network and Distributed System Security Symposium, {NDSS} 2019, San Diego, California, USA, February 24-27, 2019},
  publisher = {The Internet Society},
  year = {2019},
  url = {https://www.ndss-symposium.org/ndss-paper/nautilus-fishing-for-deep-bugs-with-grammars/},
  timestamp = {Mon, 01 Feb 2021 08:42:22 +0100},
  biburl = {https://dblp.org/rec/conf/ndss/AschermannFHJST19.bib},
  bibsource = {dblp computer science bibliography, https://dblp.org}
}

@misc{Nautilus2,
  month = {09},
  title = {Nautilus 2.0},
  howpublished = {https://github.com/nautilus-fuzz/nautilus},
  urldate = {2021-10-05},
  year = {2021},
  note = {GitHub}
}

@inproceedings{PeriScope1,
  title = {{PeriScope}: An Effective Probing and Fuzzing Framework for the Hardware-{OS} Boundary},
  author = {Song, Dokyung and Hetzelt, Felicitas and Das, Dipanjan and Spensky, Chad and Na, Yeoul and Volckaert, Stijn and Vigna, Giovanni and Kruegel, Christopher and Seifert, Jean-Pierre and Franz, Michael},
  booktitle = {Network and Distributed System Security Symposium (NDSS)},
  year = {2019}
}

@misc{PeriScope2,
  month = {09},
  title = {securesystemslab/periscope},
  howpublished = {https://github.com/securesystemslab/periscope},
  urldate = {2021-10-05},
  year = {2021},
  note = {GitHub}
}

@inproceedings{TFuzz1,
  author = {Peng, Hui and Shoshitaishvili, Yan and Payer, Mathias},
  booktitle = {2018 IEEE Symposium on Security and Privacy (SP)},
  title = {T-Fuzz: Fuzzing by Program Transformation},
  year = {2018},
  pages = {697-710},
  doi = {10.1109/SP.2018.00056}
}

@misc{TFuzz2,
  month = {09},
  title = {T-Fuzz},
  howpublished = {https://github.com/HexHive/T-Fuzz},
  urldate = {2021-10-05},
  year = {2021},
  note = {GitHub}
}

@inproceedings{Chopper,
  title = "Chopped symbolic execution",
  booktitle = "Proceedings of the 40th International Conference on Software Engineering - {ICSE} '18",
  author = "Trabish, David and Mattavelli, Andrea and Rinetzky, Noam and Cadar, Cristian",
  publisher = "ACM Press",
  year = 2018,
  address = "New York, New York, USA"
}

@inproceedings{QSYM1,
  title = "Qsym : A Practical Concolic Execution Engine Tailored for Hybrid Fuzzing",
  booktitle = "Proceedings of the 27th {USENIX} Security Symposium",
  author = "{Insu Yun, Sangho Lee, Meng Xu, Yeongjin Jang, Taesoo Kim}",
  month = aug,
  year = 2018,
  address = "Baltimore, MD, USA"
}

@misc{QSYM2,
  month = {10},
  title = {QSYM: A Practical Concolic Execution Engine Tailored for Hybrid Fuzzing},
  howpublished = {https://github.com/sslab-gatech/qsym},
  urldate = {2021-10-05},
  year = {2021},
  note = {GitHub}
}

@inproceedings{DigFuzz,
  title = "Send hardest problems my way: Probabilistic path prioritization for hybrid fuzzing",
  booktitle = "Proceedings 2019 Network and Distributed System Security Symposium",
  author = "Zhao, Lei and Duan, Yue and Yin, Heng and Xuan, Jifeng",
  publisher = "Internet Society",
  year = 2019,
  address = "Reston, VA"
}

@article{FairFuzz1,
  author = {Lemieux, Caroline and Sen, Koushik},
  month = {07},
  title = {FairFuzz-TC: a fuzzer targeting rare branches},
  doi = {10.1007/s10009-020-00569-w},
  urldate = {2020-12-18},
  year = {2020},
  journal = {International Journal on Software Tools for Technology Transfer}
}

@misc{FairFuzz2,
  author = {Lemieux, Caroline},
  month = {09},
  title = {FairFuzz},
  howpublished = {https://github.com/carolemieux/afl-rb/},
  urldate = {2021-10-05},
  year = {2021},
  note = {GitHub}
}

@misc{CVE-2021-42139, 
  title = {CVE-2021-42139},
  howpublished = {https://cve.mitre.org/cgi-bin/cvename.cgi?name = CVE-2021-42139},
  note = {MITRE}
}

@misc{CVE-2021-41106, 
  title = {CVE-2021-41106},
  howpublished = {https://cve.mitre.org/cgi-bin/cvename.cgi?name = CVE-2021-41106},
  note = {MITRE}
}

@misc{CVE-2021-39887, 
  title = {CVE-2021-39887},
  howpublished = {https://cve.mitre.org/cgi-bin/cvename.cgi?name = CVE-2021-39887},
  note = {MITRE}
}

@misc{CVE-2021-39194, 
  title = {CVE-2021-39194},
  howpublished = {https://cve.mitre.org/cgi-bin/cvename.cgi?name = CVE-2021-39194},
  note = {MITRE}
}

@misc{CVE-2021-39215, 
  title = {CVE-2021-39215},
  howpublished = {https://cve.mitre.org/cgi-bin/cvename.cgi?name = CVE-2021-39215},
  note = {MITRE}
}

@misc{CVE-2021-39199, 
  title = {CVE-2021-39199},
  howpublished = {https://cve.mitre.org/cgi-bin/cvename.cgi?name = CVE-2021-39199},
  note = {MITRE}
}

@misc{CVE-2021-39132, 
  title = {CVE-2021-39132},
  howpublished = {https://cve.mitre.org/cgi-bin/cvename.cgi?name = CVE-2021-39132},
  note = {MITRE}
}

@misc{CVE-2021-39205, 
  title = {CVE-2021-39205},
  howpublished = {https://cve.mitre.org/cgi-bin/cvename.cgi?name = CVE-2021-39205},
  note = {MITRE}
}

@misc{CVE-2021-39175, 
  title = {CVE-2021-39175},
  howpublished = {https://cve.mitre.org/cgi-bin/cvename.cgi?name = CVE-2021-39175},
  note = {MITRE}
}

@misc{CVE-2021-36793, 
  title = {CVE-2021-36793},
  howpublished = {https://cve.mitre.org/cgi-bin/cvename.cgi?name = CVE-2021-36793},
  note = {MITRE}
}

@misc{CVE-2021-32781, 
  title = {CVE-2021-32781},
  howpublished = {https://cve.mitre.org/cgi-bin/cvename.cgi?name = CVE-2021-32781},
  note = {MITRE}
}

@misc{CVE-2021-37700, 
  title = {CVE-2021-37700},
  howpublished = {https://cve.mitre.org/cgi-bin/cvename.cgi?name = CVE-2021-37700},
  note = {MITRE}
}

@misc{CVE-2021-36162, 
  title = {CVE-2021-36162},
  howpublished = {https://cve.mitre.org/cgi-bin/cvename.cgi?name = CVE-2021-36162},
  note = {MITRE}
}

@misc{CVE-2021-32677, 
  title = {CVE-2021-32677},
  howpublished = {https://cve.mitre.org/cgi-bin/cvename.cgi?name = CVE-2021-32677},
  note = {MITRE}
}

@misc{CVE-2021-29503, 
  title = {CVE-2021-29503},
  howpublished = {https://cve.mitre.org/cgi-bin/cvename.cgi?name = CVE-2021-29503},
  note = {MITRE}
}

@misc{CVE-2021-30180, 
  title = {CVE-2021-30180},
  howpublished = {https://cve.mitre.org/cgi-bin/cvename.cgi?name = CVE-2021-30180},
  note = {MITRE}
}

@misc{CVE-2021-31618, 
  title = {CVE-2021-31618},
  howpublished = {https://cve.mitre.org/cgi-bin/cvename.cgi?name = CVE-2021-31618},
  note = {MITRE}
}

@misc{CVE-2021-29475, 
  title = {CVE-2021-29475},
  howpublished = {https://cve.mitre.org/cgi-bin/cvename.cgi?name = CVE-2021-29475},
  note = {MITRE}
}

@misc{CVE-2021-22557, 
  title = {CVE-2021-22557},
  howpublished = {https://cve.mitre.org/cgi-bin/cvename.cgi?name = CVE-2021-22557},
  note = {MITRE}
}

@misc{CVE-2021-30641, 
  title = {CVE-2021-30641},
  howpublished = {https://cve.mitre.org/cgi-bin/cvename.cgi?name = CVE-2021-30641},
  note = {MITRE}
}

@misc{CVE-2021-29474, 
  title = {CVE-2021-29474},
  howpublished = {https://cve.mitre.org/cgi-bin/cvename.cgi?name = CVE-2021-29474},
  note = {MITRE}
}

@misc{CVE-2021-21250, 
  title = {CVE-2021-21250},
  howpublished = {https://cve.mitre.org/cgi-bin/cvename.cgi?name = CVE-2021-21250},
  note = {MITRE}
}

@misc{CVE-2021-30179, 
  title = {CVE-2021-30179},
  howpublished = {https://cve.mitre.org/cgi-bin/cvename.cgi?name = CVE-2021-30179},
  note = {MITRE}
}

@misc{CVE-2021-27907, 
  title = {CVE-2021-27907},
  howpublished = {https://cve.mitre.org/cgi-bin/cvename.cgi?name = CVE-2021-27907},
  note = {MITRE}
}

@misc{CVE-2021-21249, 
  title = {CVE-2021-21249},
  howpublished = {https://cve.mitre.org/cgi-bin/cvename.cgi?name = CVE-2021-21249},
  note = {MITRE}
}

@misc{CVE-2021-26691, 
  title = {CVE-2021-26691},
  howpublished = {https://cve.mitre.org/cgi-bin/cvename.cgi?name = CVE-2021-26691},
  note = {MITRE}
}

@misc{CVE-2021-27578, 
  title = {CVE-2021-27578},
  howpublished = {https://cve.mitre.org/cgi-bin/cvename.cgi?name = CVE-2021-27578},
  note = {MITRE}
}

@misc{CVE-2020-7729, 
  title = {CVE-2020-7729},
  howpublished = {https://cve.mitre.org/cgi-bin/cvename.cgi?name = CVE-2020-7729},
  note = {MITRE}
}

@misc{CVE-2021-26690, 
  title = {CVE-2021-26690},
  howpublished = {https://cve.mitre.org/cgi-bin/cvename.cgi?name = CVE-2021-26690},
  note = {MITRE}
}

@misc{CVE-2021-22242, 
  title = {CVE-2021-22242},
  howpublished = {https://cve.mitre.org/cgi-bin/cvename.cgi?name = CVE-2021-22242},
  note = {MITRE}
}

@misc{superion-example,
  title = "Superion example: Grammar-aware Input for {JavaScript}",
  howpublished = {https://gist.github.com/chuanyao18/0ae7e90efb6b0ea8100620ce28ecd597}
}

@misc{gramatron-example,
  title = "Gramatron example: Grammar-aware Input for {JavaScript}",
  howpublished = {https://gist.github.com/realionic/6efa34463a557ecec1da0f9f4a976945}
}

@misc{json-source.json,
  title = "/json/source.json at master Â· {recursion-ninja/Superion-YAML}",
  howpublished = {https://github.com/recursion-ninja/Superion-YAML/blob/master/extension/gramatron/JSON/source.json}
}

@techreport{mell2002use,
  title={Use of the common vulnerabilities and exposures (cve) vulnerability naming scheme},
  author={Mell, Peter and Grance, Tim},
  year={2002},
  institution={NATIONAL INST OF STANDARDS AND TECHNOLOGY GAITHERSBURG MD COMPUTER SECURITY DIV}
}

